
@manual{PLFS,
	title = {PlanetLab File System},
	note = {\url{http://developer.berlios.de/projects/plfs}}
}

@manual{ParPipelinedDist,
	title = {Parallel pipelined wide-area file distribution},
	note = {\url{http://cs199.planet-lab.org/ideas.html}}
}


######################
# Multicast

@manual{Araneola,
	title = {Araneola: A Scalable Reliable Multicast System for Dynamic Environments},
	note = {\url{http://dsl.cs.technion.ac.il/completed_projects/Araneola/html/araneola.htm}}
}

@manual{ESM,
	title = {End System Multicast (ESM)},
	note = {\url{http://esm.cs.cmu.edu}}
}

@manual{LMDD,
	title = {Logistical Multicast for Data Distribution},
	note = {\\\url{http://loci.cs.utk.edu/modules.php?name=Publications&d_op=ViewPublication&lid=243}}
}

@manual{LSAM,
	title = {Large-Scale Active Multicast},
	note = {\url{http://www.isi.edu/lsam}}
}

@misc{rfc-track,
	title = {Tree-Based ACK (TRACK) Building Block for Reliable Multicast Transport},
	author = {Brian Whetten et al.},
	howpublished = {RMT Working Group, IETF},
	month = {December},
	year = {2003}
}

@manual{nemo,
	title = {Nemo - Resilient Overlay Multicast},
	author = {Stefan Birrer and Fabián E. Bustamante},
	note = {\url{http://www.aqualab.cs.northwestern.edu/projects/Nemo.html}}
}

@misc{nemo-res-p2p-mcast,
	title = {Resilient Peer-to-Peer Multicast from the Ground Up},
	author = {Stefan Birrer and Fabián E. Bustamante},
	howpublished = {IEEE Network Computing and Applications - Workshop on
		Adaptive Grid Computing, Cambridge},
	month = {August-September},
	year = {2004},
	note =
{\url{http://www.aqualab.cs.northwestern.edu/publications/SBirrer04RGU.pdf}}
}

@manual{stealth,
	title = {Stealth Multicast},
	note = {\url{http://www.cse.nd.edu/~striegel/research/stealth}}
}


######################
# FileSystems

@manual{Intermezzo,
	title = {Intermezzo File System},
	note = {\url{http://www.inter-mezzo.org}}
}


@manual{libfs,
	title = {Creating Linux virtual filesystems},
	note = {\url{http://lwn.net/Articles/57369}}
}

@manual{lk,
	title = {The Linux Kernel: The Linux Virtual File System},
	note = {\url{http://www.win.tue.nl/~aeb/linux/lk/lk-8.html}}
}

@manual{lk24i,
	title = {Linux Kernel 2.4 Internals: Virtual File System (VFS)},
	note = {\\\url{http://www.moses.uklinux.net/patches/lki-3.html}}
}

@manual{lkapi,
	title = {The Linux Kernel API: The Linux VFS},
	note = {\\\url{http://kernelnewbies.org/documents/kdoc/kernel-api/vfs.html}}
}

@manual{lkmpg,
	title = {The Linux Kernel Module Programming Guide},
	note = {\url{http://tldp.org/LDP/lkmpg}}
}

@manual{ovfs,
	title = {Overview of the Virtual File System},
	note = {\url{http://www.atnf.csiro.au/people/rgooch/linux/vfs.txt}}
}

@manual{tlk,
	title = {The Linux Kernel: The File System},
	note = {\url{http://en.tldp.org/LDP/tlk/fs/filesystem.html}}
}


######################
# Redes

@manual{RON,
	title = {Resilient Overlay Networks},
	note = {\url{http://nms.lcs.mit.edu/projects/ron/}}
}


######################
# Otros

@manual{Bamboo,
	title = {The Bamboo Distributed Hash Table},
	note = {\url{http://bamboo-dht.org}}
}

@manual{Codeen,
	title = {Codeen},
	note = {\url{http://codeen.cs.princeton.edu/}}
}

@manual{CoDNS,
	title = {CoDNS},
	note = {\url{http://codeen.cs.princeton.edu/codns/}}
}

@manual{FAM,
	title = {File Alteration Monitor},
	note = {\url{http://oss.sgi.com/projects/fam/}}
}

@manual{Gamin,
	title = {Gamin the File Alteration Monitor},
	note = {\url{http://www.gnome.org/~veillard/gamin/}}
}

@manual{MON,
	title = {Management Overlay Networks (MON)},
	note = {\url{http://cairo.cs.uiuc.edu/mon}}
}

@manual{NWS,
	title = {Network Weather System},
	note = {\url{http://nws.cs.ucsb.edu}}
}

@manual{PLC,
	title = {PlanetLab Central API Documentation},
	note = {\url{http://www.planet-lab.org/doc/api/plc_api/}}
}

@manual{PLSDT,
	title = {PlanetLab Slice Deploy Toolkit},
	note =
{\\\url{http://jabber.services.planet-lab.org/php/software/tools.php}}
}

@manual{PowerDNS,
	title = {PowerDNS},
	note = {\url{http://www.powerdns.com}}
}

@manual{RSTB,
	title = {A Replicated Server Testbed},
	note = {\url{http://www.cs.utk.edu/~mbeck/replication.html}}
}

@manual{Stork,
	title = {Stork},
	note = {\url{http://www.cs.arizona.edu/stork}}
}
